{
    "relation": [
        [
            "Date",
            "12/30/05",
            "12/27/05",
            "12/23/05",
            "12/20/05",
            "12/16/05",
            "12/13/05",
            "12/09/05",
            "12/06/05",
            "12/02/05",
            "11/29/05",
            "11/25/05",
            "11/22/05",
            "11/18/05",
            "11/15/05",
            "11/11/05",
            "11/08/05",
            "11/04/05",
            "11/01/05",
            "10/28/05",
            "10/25/05",
            "10/21/05",
            "10/18/05",
            "10/14/05",
            "10/11/05",
            "10/07/05",
            "10/04/05",
            "09/30/05",
            "09/27/05",
            "09/23/05",
            "09/20/05",
            "09/16/05",
            "09/13/05",
            "09/09/05",
            "09/06/05",
            "09/02/05",
            "08/30/05",
            "08/26/05",
            "08/23/05",
            "08/19/05",
            "08/16/05",
            "08/12/05",
            "08/09/05",
            "08/05/05",
            "08/02/05",
            "07/29/05",
            "07/26/05",
            "07/22/05",
            "07/19/05",
            "07/15/05",
            "07/12/05",
            "07/08/05",
            "07/05/05",
            "07/01/05",
            "06/28/05",
            "06/24/05",
            "06/21/05",
            "06/17/05",
            "06/14/05",
            "06/10/05",
            "06/07/05",
            "06/03/05",
            "05/31/05",
            "05/27/05",
            "05/24/05",
            "05/20/05",
            "05/17/05",
            "05/13/05",
            "05/10/05",
            "05/06/05",
            "05/03/05",
            "04/29/05",
            "04/26/05",
            "04/22/05",
            "04/19/05",
            "04/15/05",
            "04/12/05",
            "04/08/05",
            "04/05/05",
            "04/01/05",
            "03/29/05",
            "03/25/05",
            "03/22/05",
            "03/18/05",
            "03/15/05",
            "03/11/05",
            "03/08/05",
            "03/04/05",
            "03/01/05",
            "02/25/05",
            "02/22/05",
            "02/18/05",
            "02/15/05",
            "02/11/05",
            "02/08/05",
            "02/04/05",
            "02/01/05",
            "01/28/05",
            "01/25/05",
            "01/21/05",
            "01/18/05",
            "01/14/05",
            "01/11/05",
            "01/07/05",
            "01/04/05",
            "-",
            "-"
        ],
        [
            "Jackpot (Millions)",
            "$88",
            "$75",
            "$64",
            "$53",
            "$43",
            "$33",
            "$25",
            "$16",
            "$12",
            "$35",
            "$25",
            "$16",
            "$12",
            "$315",
            "$262",
            "$225",
            "$192",
            "$165",
            "$147",
            "$128",
            "$108",
            "$90",
            "$77",
            "$65",
            "$53",
            "$42",
            "$32",
            "$23",
            "$15",
            "$12",
            "$250",
            "$200",
            "$172",
            "$150",
            "$131",
            "$111",
            "$97",
            "$84",
            "$72",
            "$61",
            "$51",
            "$41",
            "$32",
            "$23",
            "$15",
            "$12",
            "$170",
            "$145",
            "$122",
            "$100",
            "$88",
            "$73",
            "$63",
            "$52",
            "$42",
            "$31",
            "$25",
            "$18",
            "$12",
            "$10",
            "$106",
            "$92",
            "$80",
            "$70",
            "$60",
            "$50",
            "$42",
            "$34",
            "$26",
            "$18",
            "$12",
            "$10",
            "$205",
            "$168",
            "$144",
            "$120",
            "$102",
            "$86",
            "$75",
            "$63",
            "$53",
            "$44",
            "$36",
            "$27",
            "$20",
            "$13",
            "$10",
            "$112",
            "$96",
            "$82",
            "$70",
            "$59",
            "$50",
            "$40",
            "$32",
            "$25",
            "$18",
            "$12",
            "$10",
            "$130",
            "$111",
            "$92",
            "$80",
            "$67",
            "-",
            "-"
        ],
        [
            "Total Sales",
            "$25,116,631",
            "$20,183,238",
            "$21,918,287",
            "$18,543,925",
            "$18,107,879",
            "$16,367,449",
            "$15,782,638",
            "$14,940,142",
            "$16,362,210",
            "$18,193,997",
            "$15,893,914",
            "$16,350,292",
            "$16,919,331",
            "$104,813,365",
            "$70,687,612",
            "$58,064,027",
            "$47,806,542",
            "$37,868,384",
            "$35,684,004",
            "$30,679,679",
            "$32,614,586",
            "$26,374,679",
            "$23,327,463",
            "$20,007,501",
            "$21,061,690",
            "$18,134,624",
            "$17,800,224",
            "$15,170,241",
            "$15,612,668",
            "$14,720,629",
            "$89,884,447",
            "$62,574,185",
            "$48,213,838",
            "$35,412,306",
            "$36,602,027",
            "$31,316,932",
            "$27,120,641",
            "$22,220,794",
            "$21,889,119",
            "$18,956,481",
            "$18,899,691",
            "$16,576,919",
            "$16,789,840",
            "$15,064,411",
            "$15,358,719",
            "$14,503,317",
            "$49,337,062",
            "$39,782,042",
            "$36,996,965",
            "$30,917,187",
            "$24,363,646",
            "$19,808,686",
            "$22,867,438",
            "$18,806,539",
            "$20,286,942",
            "$13,251,951",
            "$13,813,269",
            "$11,471,101",
            "$12,190,906",
            "$11,471,471",
            "$31,268,796",
            "$21,617,031",
            "$22,025,871",
            "$18,894,519",
            "$18,397,443",
            "$16,050,399",
            "$16,543,786",
            "$13,659,385",
            "$14,326,413",
            "$12,285,936",
            "$12,666,855",
            "$11,405,997",
            "$77,586,508",
            "$49,095,100",
            "$42,716,099",
            "$33,778,716",
            "$31,072,749",
            "$22,054,865",
            "$21,560,098",
            "$17,413,552",
            "$17,294,046",
            "$15,098,012",
            "$15,085,287",
            "$13,356,992",
            "$13,489,619",
            "$11,167,451",
            "$13,686,827",
            "$33,615,935",
            "$27,656,253",
            "$21,514,680",
            "$20,944,292",
            "$17,388,502",
            "$17,627,948",
            "$14,967,811",
            "$14,828,532",
            "$12,822,882",
            "$12,515,858",
            "$10,525,092",
            "$12,454,546",
            "$35,969,446",
            "$34,156,359",
            "$25,083,529",
            "$22,201,544",
            "$18,155,138",
            "-",
            "Total Sales"
        ],
        [
            "California *Population 35,893,799",
            "$4,124,371",
            "$3,566,458",
            "$3,631,270",
            "$3,395,425",
            "$3,063,674",
            "$3,027,946",
            "$2,766,860",
            "$2,804,273",
            "$2,794,550",
            "$3,379,103",
            "$2,955,045",
            "$3,208,967",
            "$2,821,555",
            "$13,972,995",
            "$8,589,243",
            "$7,014,176",
            "$5,317,814",
            "$4,784,530",
            "$4,438,184",
            "$4,305,180",
            "$4,213,552",
            "$3,839,028",
            "$3,244,071",
            "$3,124,660",
            "$2,937,381",
            "$2,799,385",
            "$2,521,224",
            "$2,452,295",
            "$2,393,238",
            "$2,685,169",
            "$9,035,563",
            "$6,339,615",
            "$4,680,785",
            "$4,093,427",
            "$4,229,282",
            "$4,019,870",
            "$3,548,205",
            "$3,331,310",
            "$3,109,773",
            "$3,050,121",
            "$2,858,251",
            "$2,827,591",
            "$2,638,369",
            "$2,756,654",
            "$2,661,132",
            "$3,072,214",
            "$6,146,850",
            "$5,364,024",
            "$4,655,601",
            "$4,608,772",
            "$3,883,784",
            "$3,561,748",
            "$3,850,403",
            "$3,841,957",
            "$5,280,201",
            "-",
            "-",
            "-",
            "-",
            "-",
            "-",
            "-",
            "-",
            "-",
            "-",
            "-",
            "-",
            "-",
            "-",
            "-",
            "-",
            "-",
            "-",
            "-",
            "-",
            "-",
            "-",
            "-",
            "-",
            "-",
            "-",
            "-",
            "-",
            "-",
            "-",
            "-",
            "-",
            "-",
            "-",
            "-",
            "-",
            "-",
            "-",
            "-",
            "-",
            "-",
            "-",
            "-",
            "-",
            "-",
            "-",
            "-",
            "-",
            "-",
            "-",
            "California"
        ],
        [
            "Georgia *Population 8,829,383",
            "$1,910,752",
            "$1,522,547",
            "$1,607,696",
            "$1,330,409",
            "$1,345,184",
            "$1,166,598",
            "$1,207,658",
            "$1,037,549",
            "$1,141,782",
            "$1,320,704",
            "$1,182,162",
            "$1,123,341",
            "$1,243,396",
            "$8,049,323",
            "$5,012,067",
            "$3,967,889",
            "$3,204,866",
            "$2,392,539",
            "$2,429,200",
            "$2,042,268",
            "$2,376,627",
            "$1,931,134",
            "$1,725,438",
            "$1,433,661",
            "$1,544,688",
            "$1,266,137",
            "$1,348,382",
            "$1,044,083",
            "$1,173,494",
            "$1,040,324",
            "$6,072,911",
            "$3,988,178",
            "$3,113,717",
            "$2,369,236",
            "$2,451,741",
            "$2,134,508",
            "$2,001,933",
            "$1,568,461",
            "$1,613,818",
            "$1,358,389",
            "$1,427,123",
            "$1,191,520",
            "$1,288,926",
            "$1,093,035",
            "$1,147,443",
            "$1,000,939",
            "$3,526,614",
            "$3,010,050",
            "$3,503,347",
            "$2,694,435",
            "$1,808,678",
            "$1,434,495",
            "$1,597,739",
            "$1,291,309",
            "$1,358,657",
            "$1,134,667",
            "$1,187,622",
            "$970,510",
            "$1,062,987",
            "$931,329",
            "$2,522,474",
            "$1,851,576",
            "$1,881,354",
            "$1,557,373",
            "$1,585,259",
            "$1,359,204",
            "$1,457,240",
            "$1,171,675",
            "$1,261,670",
            "$1,038,858",
            "$1,108,666",
            "$989,653",
            "$6,247,876",
            "$3,836,522",
            "$3,503,872",
            "$2,682,585",
            "$2,448,628",
            "$1,787,155",
            "$1,864,557",
            "$1,508,973",
            "$1,557,545",
            "$1,266,626",
            "$1,328,030",
            "$1,126,886",
            "$1,159,296",
            "$956,405",
            "$1,102,993",
            "$2,638,402",
            "$2,280,956",
            "$1,795,367",
            "$1,764,480",
            "$1,424,954",
            "$1,522,433",
            "$1,268,712",
            "$1,333,706",
            "$1,100,651",
            "$1,142,854",
            "$892,578",
            "$972,368",
            "$2,925,528",
            "$2,788,577",
            "$2,015,166",
            "$1,949,818",
            "$1,545,692",
            "-",
            "Georgia"
        ],
        [
            "Illinois *Population 12,713,634",
            "$2,117,821",
            "$1,651,685",
            "$1,855,132",
            "$1,489,626",
            "$1,486,209",
            "$1,297,257",
            "$1,235,406",
            "$1,157,815",
            "$1,289,722",
            "$1,412,987",
            "$1,237,035",
            "$1,272,873",
            "$1,386,499",
            "$8,945,875",
            "$6,546,558",
            "$5,261,284",
            "$4,358,973",
            "$3,322,641",
            "$3,103,497",
            "$2,638,693",
            "$2,842,177",
            "$2,212,140",
            "$2,019,905",
            "$1,629,850",
            "$1,698,051",
            "$1,424,352",
            "$1,483,140",
            "$1,211,920",
            "$1,341,005",
            "$1,191,029",
            "$8,153,516",
            "$5,917,078",
            "$4,639,516",
            "$3,306,637",
            "$3,569,932",
            "$3,003,162",
            "$2,567,464",
            "$1,993,936",
            "$1,997,593",
            "$1,659,317",
            "$1,676,558",
            "$1,353,510",
            "$1,411,881",
            "$1,184,227",
            "$1,242,875",
            "$1,091,291",
            "$4,443,382",
            "$3,677,929",
            "$3,245,727",
            "$2,622,748",
            "$2,021,439",
            "$1,537,292",
            "$1,763,228",
            "$1,444,754",
            "$1,449,161",
            "$1,265,984",
            "$1,353,440",
            "$1,097,893",
            "$1,183,422",
            "$1,066,264",
            "$2,834,048",
            "$1,966,581",
            "$2,077,287",
            "$1,743,606",
            "$1,748,169",
            "$1,497,586",
            "$1,588,182",
            "$1,246,220",
            "$1,329,524",
            "$1,122,867",
            "*$1,210,546",
            "$1,054,937",
            "$5,935,174",
            "$4,043,027",
            "$3,693,630",
            "$2,921,199",
            "$2,813,366",
            "2,023,530",
            "$2,030,686",
            "$1,697,220",
            "$1,689,768",
            "$1,459,275",
            "$1,479,373",
            "$1,276,443",
            "$1,292,689",
            "$1,096,628",
            "$1,279,349",
            "$3,187,114",
            "$2,753,357",
            "$2,160,742",
            "$2,095,638",
            "$1,751,379",
            "$1,798,480",
            "$1,520,122",
            "$1,539,829",
            "$1,312,778",
            "$1,280,872",
            "$1,043,021",
            "$1,246,896",
            "$3,497,192",
            "$3,381,245",
            "$2,462,708",
            "$2,057,527",
            "$1,796,803",
            "-",
            "Illinois"
        ],
        [
            "Maryland *Population 5,558,058",
            "$1,045,614",
            "$811,747",
            "$963,214",
            "$757,466",
            "$764,437",
            "$653,784",
            "$675,152",
            "$607,918",
            "$693,947",
            "$712,909",
            "$648,844",
            "$669,048",
            "$738,133",
            "$4,519,953",
            "$3,294,487",
            "$2,557,916",
            "$2,166,996",
            "$1,466,060",
            "$1,517,400",
            "$1,192,900",
            "$1,331,829",
            "$1,011,030",
            "$975,096",
            "$759,511",
            "$816,071",
            "$684,642",
            "$733,899",
            "$599,411",
            "$669,126",
            "$593,005",
            "$4,014,494",
            "$2,638,509",
            "$1,990,632",
            "$1,392,334",
            "$1,538,317",
            "$1,256,867",
            "$1,161,774",
            "$896,913",
            "$927,286",
            "$755,363",
            "$801,585",
            "$668,776",
            "$713,952",
            "$611,077",
            "$644,108",
            "$583,367",
            "$2,115,659",
            "$1,570,860",
            "$1,476,453",
            "$1,144,116",
            "$1,009,084",
            "$731,960",
            "$843,028",
            "$668,754",
            "$733,756",
            "$650,454",
            "$696,422",
            "$563,381",
            "$633,492",
            "$593,412",
            "$1,536,499",
            "$1,003,470",
            "$1,080,345",
            "$890,951",
            "$880,070",
            "$750,638",
            "$820,199",
            "$662,181",
            "$737,644",
            "$615,140",
            "$671,962",
            "$606,926",
            "*$4,412,611",
            "$2,704,898",
            "$2,417,189",
            "$1,712,797",
            "$1,627,333",
            "$1,117,536",
            "$1,071,655",
            "$822,810",
            "$848,196",
            "$719,489",
            "$746,345",
            "$651,657",
            "$680,808",
            "$556,211",
            "$698,894",
            "$1,551,061",
            "$1,366,337",
            "$1,034,046",
            "$1,033,977",
            "$806,207",
            "$856,564",
            "$702,941",
            "$729,243",
            "$611,635",
            "$631,713",
            "$498,246",
            "$661,467",
            "$1,770,446",
            "$1,758,373",
            "$1,255,417",
            "$1,139,705",
            "$885,021",
            "-",
            "Maryland"
        ],
        [
            "Massachusetts *Population 6,416,505",
            "$1,140,825",
            "$874,395",
            "$1,011,881",
            "$826,561",
            "$803,731",
            "$697,622",
            "$619,845",
            "$632,434",
            "$706,876",
            "$761,019",
            "$661,172",
            "$668,768",
            "$723,865",
            "$5,562,546",
            "$3,812,646",
            "$2,786,458",
            "$2,228,956",
            "$1,698,796",
            "$1,697,532",
            "$1,331,455",
            "$1,460,212",
            "$1,144,514",
            "$1,081,353",
            "$820,692",
            "$908,330",
            "$743,051",
            "$772,471",
            "$642,652",
            "$687,798",
            "$616,269",
            "$5,726,885",
            "$3,497,677",
            "$2,494,625",
            "$1,748,627",
            "$1,789,102",
            "$1,444,654",
            "$1,296,393",
            "$1,017,294",
            "$1,006,839",
            "$830,341",
            "$850,280",
            "$716,302",
            "$734,438",
            "$624,780",
            "$649,690",
            "$598,982",
            "$2,292,726",
            "$1,826,351",
            "$1,691,716",
            "$1,363,911",
            "$1,074,363",
            "$834,723",
            "$925,804",
            "$756,556",
            "$791,456",
            "$669,807",
            "$722,252",
            "$586,649",
            "$634,160",
            "$582,271",
            "$1,556,782",
            "$1,097,003",
            "$1,182,545",
            "$976,037",
            "$943,501",
            "$784,840",
            "$823,183",
            "$668,725",
            "$702,357",
            "$583,959",
            "$612,911",
            "$551,408",
            "*$3,946,097",
            "$2,255,305",
            "$2,152,659",
            "$1,683,679",
            "$1,549,928",
            "$1,126,801",
            "$1,111,622",
            "$897,838",
            "$898,231",
            "$764,588",
            "$759,394",
            "$645,750",
            "$668,446",
            "$537,843",
            "$638,326",
            "$1,512,687",
            "$1,321,061",
            "$986,453",
            "$1,010,706",
            "$831,985",
            "$835,089",
            "$712,257",
            "$709,508",
            "$601,560",
            "$569,753",
            "$473,729",
            "$592,486",
            "$1,570,811",
            "$1,537,548",
            "$1,119,826",
            "$985,584",
            "$829,134",
            "-",
            "Massachusetts"
        ],
        [
            "Michigan *Population 10,112,620",
            "$2,074,295",
            "$1,654,047",
            "$1,861,385",
            "$1,530,242",
            "$1,492,131",
            "$1,320,706",
            "$1,314,103",
            "$1,183,402",
            "$1,256,501",
            "$1,399,704",
            "$1,180,093",
            "$1,229,905",
            "$1,293,364",
            "$8,055,381",
            "$6,102,699",
            "$5,067,574",
            "$4,291,458",
            "$3,288,598",
            "$3,247,945",
            "$2,738,077",
            "$2,832,885",
            "$2,091,465",
            "$1,943,961",
            "$1,598,856",
            "$1,665,904",
            "$1,392,518",
            "$1,465,888",
            "$1,188,234",
            "$1,272,501",
            "$1,103,118",
            "$7,450,308",
            "$5,168,101",
            "$4,259,206",
            "$3,088,557",
            "$3,263,587",
            "$2,664,517",
            "$2,311,565",
            "$1,762,001",
            "$1,781,193",
            "$1,487,368",
            "$1,553,911",
            "$1,306,506",
            "$1,370,436",
            "$1,161,284",
            "$1,199,530",
            "$1,036,952",
            "$4,339,869",
            "$3,272,560",
            "$2,956,129",
            "$2,364,278",
            "$1,831,465",
            "$1,452,367",
            "$1,623,644",
            "$1,327,294",
            "$1,370,978",
            "$1,236,584",
            "$1,313,798",
            "$1,073,048",
            "$1,146,540",
            "$1,046,278",
            "$2,855,601",
            "$1,945,236",
            "$2,012,956",
            "$1,720,225",
            "$1,753,411",
            "$1,526,120",
            "$1,633,844",
            "$1,310,315",
            "$1,413,507",
            "$1,172,793",
            "$1,205,878",
            "$961,656",
            "$7,420,143",
            "$4,458,208",
            "$4,112,502",
            "$3,173,987",
            "$2,957,163",
            "$2,021,105",
            "$1,997,466",
            "$1,575,476",
            "$1,630,764",
            "$1,376,590",
            "$1,427,559",
            "$1,213,904",
            "$1,257,948",
            "$1,038,494",
            "$1,184,225",
            "$2,904,843",
            "$2,607,776",
            "$1,997,578",
            "$1,918,654",
            "$1,598,112",
            "$1,674,288",
            "$1,401,684",
            "$1,455,794",
            "$1,198,111",
            "$1,181,283",
            "$961,737",
            "$1,122,774",
            "$3,464,669",
            "$3,315,228",
            "$2,256,463",
            "$1,932,092",
            "$1,650,352",
            "-",
            "Michigan"
        ],
        [
            "New Jersey *Population 8,698,879",
            "$2,582,726",
            "$2,059,449",
            "$2,183,041",
            "$1,850,383",
            "$1,784,758",
            "$1,566,156",
            "$1,481,959",
            "$1,440,098",
            "$1,590,351",
            "$1,761,632",
            "$1,472,313",
            "$1,551,512",
            "$1,646,587",
            "$12,293,095",
            "$8,454,390",
            "$7,036,138",
            "$5,798,920",
            "$4,618,135",
            "$4,256,656",
            "$3,600,944",
            "$3,731,976",
            "$2,971,246",
            "$2,537,755",
            "$2,143,575",
            "$2,140,902",
            "$1,829,066",
            "$1,838,104",
            "$1,567,573",
            "$1,600,110",
            "$1,409,368",
            "$11,664,013",
            "$8,171,718",
            "$6,209,551",
            "$4,615,462",
            "$4,560,902",
            "$3,908,148",
            "$3,192,064",
            "$2,588,759",
            "$2,475,433",
            "$2,100,495",
            "$1,968,301",
            "$1,714,794",
            "$1,725,935",
            "$1,526,414",
            "$1,527,131",
            "$1,381,937",
            "$5,978,862",
            "$4,683,891",
            "$4,257,232",
            "$3,488,229",
            "$2,656,127",
            "$2,035,128",
            "$2,153,809",
            "$1,912,671",
            "$1,827,611",
            "$1,618,711",
            "$1,649,180",
            "$1,387,721",
            "$1,450,321",
            "$1,388,749",
            "$4,427,070",
            "$3,021,333",
            "$2,990,853",
            "$2,582,757",
            "$2,346,990",
            "$2,053,270",
            "$2,022,979",
            "$1,674,762",
            "$1,720,104",
            "$1,479,913",
            "$1,477,349",
            "$1,365,054",
            "$11,237,028",
            "$7,340,728",
            "$6,031,447",
            "$4,920,942",
            "$4,364,726",
            "$3,056,297",
            "$2,878,643",
            "$2,288,284",
            "$2,132,305",
            "$1,911,276",
            "$1,795,663",
            "$1,606,044",
            "$1,611,250",
            "$1,316,160",
            "$1,895,727",
            "$4,488,239",
            "$3,751,252",
            "$2,888,598",
            "$2,770,725",
            "$2,269,915",
            "$2,206,470",
            "$1,854,708",
            "$1,711,905",
            "$1,518,570",
            "$1,438,777",
            "$1,170,796",
            "$1,453,301",
            "$5,069,113",
            "$4,759,244",
            "$3,551,830",
            "$3,089,743",
            "$2,365,804",
            "-",
            "New Jersey"
        ],
        [
            "New York *Population 19,227,088",
            "$4,287,817",
            "$3,292,592",
            "$3,527,396",
            "$2,862,394",
            "$3,004,579",
            "$2,637,144",
            "$2,606,043",
            "$2,427,022",
            "$3,014,608",
            "$3,152,499",
            "$2,680,233",
            "$2,740,623",
            "$2,974,201",
            "$20,553,265",
            "$13,843,522",
            "$11,847,301",
            "$10,140,638",
            "$7,963,272",
            "$6,980,172",
            "$5,786,521",
            "$6,324,686",
            "$4,964,291",
            "$4,260,125",
            "$3,783,650",
            "$4,574,017",
            "$3,825,078",
            "$3,465,212",
            "$2,919,383",
            "$2,942,056",
            "$2,503,652",
            "$19,224,457",
            "$13,538,228",
            "$10,544,490",
            "$6,947,187",
            "$7,058,636",
            "$5,905,754",
            "$4,822,684",
            "$3,899,931",
            "$3,895,950",
            "$3,265,039",
            "$3,295,287",
            "$2,846,612",
            "$2,903,907",
            "$2,560,482",
            "$2,734,810",
            "$2,395,846",
            "$9,863,204",
            "$7,610,022",
            "$7,209,283",
            "$5,911,542",
            "$4,545,564",
            "$3,727,614",
            "$5,284,493",
            "$3,403,470",
            "$3,342,784",
            "$2,958,362",
            "$3,087,100",
            "$2,519,125",
            "$2,727,117",
            "$2,636,634",
            "$7,864,626",
            "$5,037,631",
            "$5,045,401",
            "$4,393,743",
            "$4,306,255",
            "$3,791,964",
            "$3,834,314",
            "$3,200,849",
            "$3,323,700",
            "$2,844,574",
            "$2,880,220",
            "$2,562,252",
            "$19,876,604",
            "$12,894,684",
            "$10,661,395",
            "$8,510,845",
            "$7,658,301",
            "$5,158,077",
            "$4,949,349",
            "$3,852,547",
            "$3,831,203",
            "$3,439,234",
            "$3,430,146",
            "$3,092,129",
            "$3,078,694",
            "$2,386,788",
            "$3,268,193",
            "$8,827,277",
            "$6,274,496",
            "$4,726,024",
            "$4,742,126",
            "$3,962,557",
            "$3,942,589",
            "$3,340,617",
            "$3,221,961",
            "$2,848,666",
            "$2,744,621",
            "$2,390,346",
            "$2,812,640",
            "$8,129,207",
            "$7,640,204",
            "$5,801,889",
            "$5,176,947",
            "$4,120,285",
            "-",
            "New York"
        ],
        [
            "Ohio *Population 11,459,011",
            "$1,952,128",
            "$1,559,216",
            "$1,775,908",
            "$1,493,262",
            "$1,448,985",
            "$1,314,894",
            "$1,267,135",
            "$1,200,366",
            "$1,260,492",
            "$1,400,025",
            "$1,216,007",
            "$1,265,526",
            "$1,330,345",
            "$7,753,295",
            "$5,230,980",
            "$4,173,383",
            "$3,489,214",
            "$2,736,785",
            "$2,666,233",
            "$2,256,827",
            "$2,390,116",
            "$1,908,306",
            "$1,779,197",
            "$1,510,100",
            "$1,614,320",
            "$1,360,001",
            "$1,395,903",
            "$1,165,124",
            "$1,236,574",
            "$1,129,514",
            "$7,315,806",
            "$4,811,472",
            "$3,652,481",
            "$2,649,280",
            "$2,784,056",
            "$2,296,171",
            "$2,105,705",
            "$1,685,384",
            "$1,673,591",
            "$1,444,914",
            "$1,461,260",
            "$1,251,885",
            "$1,266,912",
            "$1,089,281",
            "$1,090,841",
            "$959,349",
            "$3,819,052",
            "$2,985,535",
            "$2,688,007",
            "$2,148,213",
            "$1,787,382",
            "$1,406,749",
            "$1,586,641",
            "$1,343,127",
            "$1,352,250",
            "$1,146,728",
            "$1,169,375",
            "$970,004",
            "$971,982",
            "$896,482",
            "$2,548,012",
            "$1,773,793",
            "$1,915,586",
            "$1,662,081",
            "$1,616,038",
            "$1,367,240",
            "$1,376,151",
            "$1,161,380",
            "$1,207,932",
            "$1,065,816",
            "$1,084,326",
            "$985,581",
            "$7,195,149",
            "$4,172,876",
            "$3,659,848",
            "$2,812,227",
            "$2,671,051",
            "$1,908,521",
            "$1,877,441",
            "$1,500,027",
            "$1,476,650",
            "$1,280,039",
            "$1,268,219",
            "$1,132,714",
            "$1,144,372",
            "$987,716",
            "$1,130,101",
            "$2,803,166",
            "$2,462,494",
            "$1,889,181",
            "$1,768,937",
            "$1,479,218",
            "$1,515,877",
            "$1,285,980",
            "$1,297,710",
            "$1,136,819",
            "$1,103,359",
            "$955,551",
            "$1,107,287",
            "$3,415,357",
            "$3,178,050",
            "$2,155,371",
            "$1,873,431",
            "$1,551,544",
            "-",
            "Ohio"
        ],
        [
            "Texas Population 22,615,391",
            "$1,902,222",
            "$1,532,732",
            "$1,703,741",
            "$1,453,770",
            "$1,453,477",
            "$1,306,762",
            "$1,270,057",
            "$1,196,271",
            "$1,298,149",
            "$1,386,652",
            "$1,320,450",
            "$1,248,972",
            "$1,316,871",
            "$7,690,500",
            "$4,829,204",
            "$4,078,749",
            "$3,329,933",
            "$2,723,144",
            "$2,587,014",
            "$2,305,739",
            "$2,465,181",
            "$2,076,193",
            "$1,830,299",
            "$1,549,258",
            "$1,549,487",
            "$1,343,648",
            "$1,337,233",
            "$1,102,682",
            "$992,223",
            "$1,174,033",
            "$5,426,973",
            "$4,075,076",
            "$3,177,466",
            "$2,424,196",
            "$2,476,451",
            "$2,104,381",
            "$1,867,916",
            "$1,580,272",
            "$1,587,888",
            "$1,390,730",
            "$1,414,001",
            "$1,243,758",
            "$1,301,826",
            "$1,145,818",
            "$1,189,765",
            "$1,129,533",
            "$3,230,399",
            "$2,724,735",
            "$2,550,854",
            "$2,168,198",
            "$1,793,048",
            "$1,456,298",
            "$1,593,441",
            "$1,366,897",
            "$1,392,945",
            "$1,247,938",
            "$1,288,916",
            "$1,113,740",
            "$1,182,848",
            "$1,141,676",
            "$2,552,137",
            "$1,913,973",
            "$1,891,142",
            "$1,609,115",
            "$1,524,118",
            "$1,359,951",
            "$1,428,387",
            "$1,200,552",
            "$1,262,354",
            "$1,125,901",
            "$1,171,797",
            "$1,108,059",
            "$5,644,980",
            "$3,514,111",
            "$3,008,370",
            "$2,534,834",
            "$2,363,722",
            "$1,819,570",
            "$1,785,254",
            "$1,562,607",
            "$1,557,188",
            "$1,378,493",
            "$1,389,284",
            "$1,254,664",
            "$1,262,024",
            "$1,107,537",
            "$1,171,215",
            "$2,635,888",
            "$2,237,906",
            "$1,885,543",
            "$1,833,575",
            "$1,563,534",
            "$1,606,016",
            "$1,373,448",
            "$1,394,497",
            "$1,204,218",
            "$1,188,651",
            "$1,062,790",
            "$1,269,889",
            "$2,952,260",
            "$2,790,351",
            "$2,163,465",
            "$1,950,212",
            "$1,652,341",
            "-",
            "Texas"
        ],
        [
            "Virginia *Population 7,459,827",
            "$1,401,030",
            "$1,149,241",
            "$1,257,793",
            "$1,084,295",
            "$1,042,328",
            "$970,028",
            "$965,189",
            "$890,355",
            "$976,843",
            "$1,084,072",
            "$982,139",
            "$986,585",
            "$1,080,969",
            "$5,253,717",
            "$3,697,599",
            "$3,096,091",
            "$2,582,176",
            "$2,083,792",
            "$2,011,752",
            "$1,774,595",
            "$1,962,829",
            "$1,644,534",
            "$1,438,351",
            "$1,194,107",
            "$1,179,869",
            "$1,053,513",
            "$1,061,439",
            "$926,182",
            "$981,002",
            "$935,938",
            "$4,279,809",
            "$3,275,876",
            "$2,542,931",
            "$1,992,315",
            "$2,108,977",
            "$1,884,489",
            "$1,668,137",
            "$1,365,415",
            "$1,332,582",
            "$1,149,835",
            "$1,161,265",
            "$1,041,163",
            "$1,058,304",
            "$957,509",
            "$963,236",
            "$921,422",
            "$2,714,007",
            "$2,255,823",
            "$2,067,544",
            "$1,742,654",
            "$1,435,141",
            "$1,177,658",
            "$1,198,880",
            "$1,036,526",
            "$1,007,023",
            "$942,973",
            "$992,103",
            "$866,029",
            "$894,141",
            "$876,092",
            "$1,932,808",
            "$1,492,751",
            "$1,451,700",
            "$1,276,415",
            "$1,246,980",
            "$1,123,777",
            "$1,151,003",
            "$982,781",
            "$1,016,070",
            "$910,782",
            "$950,408",
            "$916,644",
            "$4,382,607",
            "$2,893,475",
            "$2,591,014",
            "$2,084,316",
            "$1,953,423",
            "$1,464,458",
            "$1,457,817",
            "$1,224,572",
            "$1,223,987",
            "$1,078,020",
            "$1,079,658",
            "$993,214",
            "$1,001,995",
            "$870,715",
            "$1,007,351",
            "$2,278,312",
            "$1,956,935",
            "$1,567,166",
            "$1,469,851",
            "$1,184,439",
            "$1,185,965",
            "$1,055,853",
            "$1,037,529",
            "$909,536",
            "$907,231",
            "$761,018",
            "$902,446",
            "$2,266,559",
            "$2,165,118",
            "$1,615,493",
            "$1,467,863",
            "$1,229,370",
            "-",
            "Virginia"
        ],
        [
            "Washington *Population 6,203,788",
            "$577,030",
            "$509,129",
            "$539,830",
            "$470,092",
            "$418,386",
            "$408,552",
            "$373,231",
            "$362,639",
            "$338,389",
            "$422,691",
            "$358,421",
            "$384,172",
            "$363,546",
            "$2,163,420",
            "$1,274,217",
            "$1,177,068",
            "$896,598",
            "$790,092",
            "$748,419",
            "$706,480",
            "$682,516",
            "$580,798",
            "$491,912",
            "$459,581",
            "$432,670",
            "$413,233",
            "$377,329",
            "$350,702",
            "$323,541",
            "$339,210",
            "$1,519,712",
            "$1,152,657",
            "$908,438",
            "$785,048",
            "$771,044",
            "$694,411",
            "$576,801",
            "$531,118",
            "$487,173",
            "$464,569",
            "$431,869",
            "$414,502",
            "$374,954",
            "$353,850",
            "$308,158",
            "$331,485",
            "$866,438",
            "$800,262",
            "$695,072",
            "$660,091",
            "$517,571",
            "$452,654",
            "$446,328",
            "$413,224",
            "$380,120",
            "$379,743",
            "$353,061",
            "$323,001",
            "$303,896",
            "$312,284",
            "$638,739",
            "$513,684",
            "$496,702",
            "$482,216",
            "$446,652",
            "$435,809",
            "$408,304",
            "$379,945",
            "$351,551",
            "$325,333",
            "$292,792",
            "$303,827",
            "$1,288,239",
            "$981,266",
            "$884,173",
            "$741,305",
            "$665,108",
            "$571,815",
            "$535,608",
            "$483,198",
            "$448,209",
            "$424,382",
            "$381,616",
            "$363,587",
            "$332,097",
            "$312,954",
            "$310,453",
            "$788,946",
            "$643,683",
            "$583,982",
            "$535,623",
            "$516,202",
            "$484,177",
            "$451,489",
            "$396,850",
            "$380,338",
            "$326,744",
            "$315,280",
            "$312,992",
            "$908,304",
            "$842,421",
            "$685,901",
            "$587,622",
            "$528,792",
            "-",
            "Washington"
        ]
    ],
    "pageTitle": "2005 Mega Millions - See how much each member state sells per draw (2005). Interesting!",
    "title": "",
    "url": "http://lottoreport.com/mm03sales05.htm",
    "hasHeader": true,
    "headerPosition": "FIRST_ROW",
    "tableType": "RELATION",
    "tableNum": 0,
    "s3Link": "common-crawl/crawl-data/CC-MAIN-2015-32/segments/1438042987127.36/warc/CC-MAIN-20150728002307-00043-ip-10-236-191-2.ec2.internal.warc.gz",
    "recordEndOffset": 153810540,
    "recordOffset": 153794874,
    "tableOrientation": "HORIZONTAL",
    "TableContextTimeStampAfterTable": "{121879=The Lotto Report P. O. Box 495033 Garland, Texas 75043-5033 (972) 686-0660 (972) 681-1048 Fax, 235=- 2005 - Mega Millions Lottery Sales By State Current Year Sales by State, click here Mega Million 2006 Sales by State, click here Mega Million 2005 Sales by State, scroll down Mega Million 2004 Sales by State, click here Mega Million 2003 Sales by State, click here, 939=Mega Millions/Big Game \"Draw Sales\" since inception - includes jackpot \"rolls,\" 2007, 2006, 2005, 2004 2003, 2002, 2001 2000, 1999, 1998, 1997, 1996, 1568=* Population - Estimated 2004 - US Census Bureau}",
    "lastModified": "Tue, 13 May 2014 18:38:17 GMT",
    "textBeforeTable": "* Population - Estimated 2004 - US Census Bureau Megaplier Lottery Sales - Texas - Players Profit/Loss Brought to you by LottoReport.com Mega Millions/Big Game \"Draw Sales\" since inception - includes jackpot \"rolls,\" 2007, 2006, 2005, 2004 2003, 2002, 2001 2000, 1999, 1998, 1997, 1996 - 2005 - Mega Millions Lottery Sales By State Current Year Sales by State, click here Mega Million 2006 Sales by State, click here Mega Million 2005 Sales by State, scroll down Mega Million 2004 Sales by State, click here Mega Million 2003 Sales by State, click here lottoreport@lottoreport.com",
    "textAfterTable": "lottoreport@lottoreport.com The Lotto Report P. O. Box 495033 Garland, Texas 75043-5033 (972) 686-0660 (972) 681-1048 Fax",
    "hasKeyColumn": false,
    "keyColumnIndex": -1,
    "headerRowIndex": 0
}